@inproceedings{origin,
  author    = {huchi},
  title     = {NJU Beamer},
  year      = {2020},
  url       = {},
}
