@article{swanson2019building,
  title={Building a production model for retrieval-based Chatbots},
  author={Swanson, Kyle and Yu, Lili and Fox, Christopher and Wohlwend, Jeremy and Lei, Tao},
  journal={arXiv preprint arXiv:1906.03209},
  year={2019}
}

@article{huang2020challenges,
  title={Challenges in building intelligent open-domain dialog systems},
  author={Huang, Minlie and Zhu, Xiaoyan and Gao, Jianfeng},
  journal={ACM Transactions on Information Systems (TOIS)},
  volume={38},
  number={3},
  pages={1--32},
  year={2020},
  publisher={ACM New York, NY, USA}
}


@article{whang2020response,
  title={Do Response Selection Models Really Know What's Next? Utterance Manipulation Strategies for Multi-turn Response Selection},
  author={Whang, Taesun and Lee, Dongyub and Oh, Dongsuk and Lee, Chanhee and Han, Kijong and Lee, Dong-hun and Lee, Saebyeok},
  journal={arXiv preprint arXiv:2009.04703},
  year={2020}
}

@inproceedings{humeau2019poly,
  title={Poly-encoders: Architectures and Pre-training Strategies for Fast and Accurate Multi-sentence Scoring},
  author={Humeau, Samuel and Shuster, Kurt and Lachaux, Marie-Anne and Weston, Jason},
  booktitle={International Conference on Learning Representations},
  year={2019}
}

@phdthesis{boussaha2019response,
  title={Response selection for end-to-end retrieval-based dialogue systems},
  author={Boussaha, Basma El Amel},
  year={2019},
  school={Nantes}
}

@incollection{turing2009computing,
  title={Computing machinery and intelligence},
  author={Turing, Alan M},
  booktitle={Parsing the turing test},
  pages={23--65},
  year={2009},
  publisher={Springer}
}

@article{zhou2020design,
  title={The design and implementation of xiaoice, an empathetic social chatbot},
  author={Zhou, Li and Gao, Jianfeng and Li, Di and Shum, Heung-Yeung},
  journal={Computational Linguistics},
  volume={46},
  number={1},
  pages={53--93},
  year={2020},
  publisher={MIT Press}
}

@article{shen2020dialogxl,
  title={DialogXL: All-in-One XLNet for Multi-Party Conversation Emotion Recognition},
  author={Shen, Weizhou and Chen, Junqing and Quan, Xiaojun and Xie, Zhixian},
  journal={arXiv preprint arXiv:2012.08695},
  year={2020}
}

@article{devlin2018bert,
  title={Bert: Pre-training of deep bidirectional transformers for language understanding},
  author={Devlin, Jacob and Chang, Ming-Wei and Lee, Kenton and Toutanova, Kristina},
  journal={arXiv preprint arXiv:1810.04805},
  year={2018}
}

@article{urbanek2019learning,
  title={Learning to speak and act in a fantasy text adventure game},
  author={Urbanek, Jack and Fan, Angela and Karamcheti, Siddharth and Jain, Saachi and Humeau, Samuel and Dinan, Emily and Rockt{\"a}schel, Tim and Kiela, Douwe and Szlam, Arthur and Weston, Jason},
  journal={arXiv preprint arXiv:1903.03094},
  year={2019}
}

@article{chen2019sequential,
  title={Sequential attention-based network for noetic end-to-end response selection},
  author={Chen, Qian and Wang, Wen},
  journal={arXiv preprint arXiv:1901.02609},
  year={2019}
}

@inproceedings{gunasekara2019dstc7,
  title={Dstc7 task 1: Noetic end-to-end response selection},
  author={Gunasekara, Chulaka and Kummerfeld, Jonathan K and Polymenakos, Lazaros and Lasecki, Walter},
  booktitle={Proceedings of the First Workshop on NLP for Conversational AI},
  pages={60--67},
  year={2019}
}

@article{kingma2014adam,
  title={Adam: A method for stochastic optimization},
  author={Kingma, Diederik P and Ba, Jimmy},
  journal={arXiv preprint arXiv:1412.6980},
  year={2014}
}

@article{johnson2019billion,
  title={Billion-scale similarity search with gpus},
  author={Johnson, Jeff and Douze, Matthijs and J{\'e}gou, Herv{\'e}},
  journal={IEEE Transactions on Big Data},
  year={2019},
  publisher={IEEE}
}

@article{wu2016sequential,
  title={Sequential matching network: A new architecture for multi-turn response selection in retrieval-based chatbots},
  author={Wu, Yu and Wu, Wei and Xing, Chen and Zhou, Ming and Li, Zhoujun},
  journal={arXiv preprint arXiv:1612.01627},
  year={2016}
}

@article{zhang2018modeling,
  title={Modeling multi-turn conversation with deep utterance aggregation},
  author={Zhang, Zhuosheng and Li, Jiangtong and Zhu, Pengfei and Zhao, Hai and Liu, Gongshen},
  journal={arXiv preprint arXiv:1806.09102},
  year={2018}
}

@inproceedings{zhou2018multi,
  title={Multi-turn response selection for chatbots with deep attention matching network},
  author={Zhou, Xiangyang and Li, Lu and Dong, Daxiang and Liu, Yi and Chen, Ying and Zhao, Wayne Xin and Yu, Dianhai and Wu, Hua},
  booktitle={Proceedings of the 56th Annual Meeting of the Association for Computational Linguistics (Volume 1: Long Papers)},
  pages={1118--1127},
  year={2018}
}

@inproceedings{tao2019one,
  title={One time of interaction may not be enough: Go deep with an interaction-over-interaction network for response selection in dialogues},
  author={Tao, Chongyang and Wu, Wei and Xu, Can and Hu, Wenpeng and Zhao, Dongyan and Yan, Rui},
  booktitle={Proceedings of the 57th annual meeting of the association for computational linguistics},
  pages={1--11},
  year={2019}
}

@inproceedings{yuan2019multi,
  title={Multi-hop selector network for multi-turn response selection in retrieval-based chatbots},
  author={Yuan, Chunyuan and Zhou, Wei and Li, Mingming and Lv, Shangwen and Zhu, Fuqing and Han, Jizhong and Hu, Songlin},
  booktitle={Proceedings of the 2019 Conference on Empirical Methods in Natural Language Processing and the 9th International Joint Conference on Natural Language Processing (EMNLP-IJCNLP)},
  pages={111--120},
  year={2019}
}

@inproceedings{gu2020speaker,
  title={Speaker-aware bert for multi-turn response selection in retrieval-based chatbots},
  author={Gu, Jia-Chen and Li, Tianda and Liu, Quan and Ling, Zhen-Hua and Su, Zhiming and Wei, Si and Zhu, Xiaodan},
  booktitle={Proceedings of the 29th ACM International Conference on Information \& Knowledge Management},
  pages={2041--2044},
  year={2020}
}


@article{henderson2019convert,
  title={Convert: Efficient and accurate conversational representations from transformers},
  author={Henderson, Matthew and Casanueva, Inigo and Mrk{\v{s}}i{\'c}, Nikola and Su, Pei-Hao and Wen, Tsung-Hsien and Vuli{\'c}, Ivan},
  journal={arXiv preprint arXiv:1911.03688},
  year={2019}
}

@article{xu2020learning,
  title={Learning an Effective Context-Response Matching Model with Self-Supervised Tasks for Retrieval-based Dialogues},
  author={Xu, Ruijian and Tao, Chongyang and Jiang, Daxin and Zhao, Xueliang and Zhao, Dongyan and Yan, Rui},
  journal={arXiv preprint arXiv:2009.06265},
  year={2020}
}

@article{lan2020ultra,
  title={Ultra-Fast, Low-Storage, Highly Effective Coarse-grained Selection in Retrieval-based Chatbot by Using Deep Semantic Hashing},
  author={Lan, Tian and Mao, Xian-Ling and Gao, Xiao-yan and Huang, He-Yan},
  journal={arXiv preprint arXiv:2012.09647},
  year={2020}
}

@inproceedings{gao2020learning,
  title={Learning to respond with stickers: A framework of unifying multi-modality in multi-turn dialog},
  author={Gao, Shen and Chen, Xiuying and Liu, Chang and Liu, Li and Zhao, Dongyan and Yan, Rui},
  booktitle={Proceedings of The Web Conference 2020},
  pages={1138--1148},
  year={2020}
}